<collection xmlns="http://www.loc.gov/MARC21/slim"><record><leader>00765nam  2200253   450</leader><controlfield tag="001">913</controlfield><controlfield tag="003">http://montalegre.opacnet.com/OPAC/default.aspx?ContentAreaControl=ShowRegHoldings.ascx&amp;RegNo=16662</controlfield><datafield tag="021" ind1=" " ind2=" "><subfield code="a">PT</subfield><subfield code="b">219276/04</subfield></datafield><datafield tag="100" ind1=" " ind2=" "><subfield code="a">20061013d2004----a y0pory0103 ba</subfield></datafield><datafield tag="101" ind1="1" ind2=" "><subfield code="a">por</subfield><subfield code="c">fre</subfield></datafield><datafield tag="102" ind1=" " ind2=" "><subfield code="a">PT</subfield></datafield><datafield tag="200" ind1="1" ind2=" "><subfield code="a">&lt;O &gt;livro das estrelas</subfield><subfield code="f">Erik L'Homme</subfield><subfield code="g">tradução de Alda Durães</subfield></datafield><datafield tag="205" ind1=" " ind2=" "><subfield code="a">1ª ed</subfield></datafield><datafield tag="210" ind1=" " ind2=" "><subfield code="a">Porto</subfield><subfield code="c">Asa</subfield><subfield code="d">2004</subfield></datafield><datafield tag="215" ind1=" " ind2=" "><subfield code="a">v.</subfield><subfield code="d">21 cm</subfield></datafield><datafield tag="225" ind1="2" ind2=" "><subfield code="a">Romance jovem</subfield></datafield><datafield tag="327" ind1="1" ind2=" "><subfield code="a">vol. III: O rosto da escuridão. - 256 p.</subfield></datafield><datafield tag="606" ind1="1" ind2=" "><subfield code="a">Literatura juvenil</subfield></datafield><datafield tag="608" ind1=" " ind2=" "><subfield code="a">Prosa narrativa</subfield></datafield><datafield tag="675" ind1=" " ind2=" "><subfield code="a">087.5</subfield></datafield><datafield tag="700" ind1=" " ind2="1"><subfield code="a">L'Homme</subfield><subfield code="b">Erik</subfield></datafield><datafield tag="702" ind1=" " ind2="1"><subfield code="a">Durães</subfield><subfield code="b">Alda</subfield><subfield code="4">730</subfield></datafield><datafield tag="801" ind1=" " ind2="0"><subfield code="a">PT</subfield><subfield code="b">Biblioteca Municipal de Montalegre</subfield><subfield code="g">RPC</subfield></datafield><datafield tag="856" ind1=" " ind2=" "><subfield code="u">locateMedia.asp?cod=20060629143608&amp;ext=jpg</subfield><subfield code="z">CAPA</subfield></datafield><datafield tag="909" ind1="&#9;" ind2=" "><subfield code="a">1</subfield></datafield><datafield tag="966" ind1=" " ind2=" "><subfield code="a">0016740</subfield><subfield code="l">BMM</subfield><subfield code="s">SJ 087.5 LHO ros</subfield></datafield></record></collection>